
@incollection{pazzani_content-based_2007,
	title = {Content-based recommendation systems},
	url = {http://link.springer.com/chapter/10.1007/978-3-540-72079-9_10},
	urldate = {2015-01-27},
	booktitle = {The adaptive web},
	publisher = {Springer},
	author = {Pazzani, Michael J. and Billsus, Daniel},
	year = {2007},
	pages = {325--341},
	file = {LNCS 4321 - Content-Based Recommendation Systems - chp%3A10.1007%2F978-3-540-72079-9_10.pdf:/home/deebuls/.mozilla/firefox/csciq0z7.default/zotero/storage/G2JA6N3I/chp%3A10.1007%2F978-3-540-72079-9_10.pdf:application/pdf}
}

@incollection{ricci_content-based_2011,
	address = {Boston, {MA}},
	title = {Content-based Recommender Systems: State of the Art and Trends},
	isbn = {978-0-387-85819-7, 978-0-387-85820-3},
	shorttitle = {Content-based Recommender Systems},
	url = {http://link.springer.com/10.1007/978-0-387-85820-3_3},
	language = {en},
	urldate = {2014-12-25},
	booktitle = {Recommender Systems Handbook},
	publisher = {Springer {US}},
	author = {Lops, Pasquale and de Gemmis, Marco and Semeraro, Giovanni},
	editor = {Ricci, Francesco and Rokach, Lior and Shapira, Bracha and Kantor, Paul B.},
	year = {2011},
	pages = {73--105},
	file = {ContentBasedRecommenderSystemStateOfArtSurvey2011.pdf:/home/deebuls/.mozilla/firefox/csciq0z7.default/zotero/storage/KENC5MZG/ContentBasedRecommenderSystemStateOfArtSurvey2011.pdf:application/pdf}
}