
@article{abdo_collaborative_????,
	title = {Collaborative Filtering for Learning User Preferences for Robotic Tasks},
	url = {http://www.cs.cornell.edu/conferences/ashesh/rss2014_learningplans/papers/3.pdf},
	urldate = {2015-01-27},
	author = {Abdo, Nichola and Spinello, Luciano and Stachniss, Cyrill and Burgard, Wolfram},
	file = {3.pdf:/home/deebuls/.mozilla/firefox/csciq0z7.default/zotero/storage/DVI7MP6P/3.pdf:application/pdf}
}

@article{middleton_ontological_2004,
	title = {Ontological user profiling in recommender systems},
	volume = {22},
	url = {http://dl.acm.org/citation.cfm?id=963773},
	number = {1},
	urldate = {2015-01-27},
	journal = {{ACM} Transactions on Information Systems ({TOIS})},
	author = {Middleton, Stuart E. and Shadbolt, Nigel R. and De Roure, David C.},
	year = {2004},
	pages = {54--88},
	file = {p54-e_middleton.pdf:/home/deebuls/.mozilla/firefox/csciq0z7.default/zotero/storage/6HNP9XQT/p54-e_middleton.pdf:application/pdf}
}

@inproceedings{adomavicius_user_1999,
	title = {User profiling in personalization applications through rule discovery and validation},
	url = {http://dl.acm.org/citation.cfm?id=312287},
	urldate = {2015-01-27},
	booktitle = {Proceedings of the fifth {ACM} {SIGKDD} international conference on Knowledge discovery and data mining},
	publisher = {{ACM}},
	author = {Adomavicius, Gediminas and Tuzhilin, Alexander},
	year = {1999},
	pages = {377--381},
	file = {p377-adomavicius.pdf:/home/deebuls/.mozilla/firefox/csciq0z7.default/zotero/storage/8AKUIUEQ/p377-adomavicius.pdf:application/pdf}
}