
@inproceedings{abdo_low-level_2012,
	title = {From low-level trajectory demonstrations to symbolic actions for planning},
	booktitle = {{ICAPS} Workshop on Combining Task and Motion Planning for Real-World App},
	publisher = {Citeseer},
	author = {Abdo, Nichola and Kretzschmar, Henrik and Stachniss, Cyrill},
	year = {2012},

}

@inproceedings{abdo_inferring_2014,
	title = {Inferring What to Imitate in Manipulation Actions by Using a Recommender System},
	volume = {31},
	booktitle = {{ICRA}},
	publisher = {Springer},
	author = {Abdo, Nichola and Spinello, Luciano and Burgard, Wolfram and Stachniss, Cyrill},
	pages = {189--206},

}

@phdthesis{matikainen_model_2012,
	address = {Pittsburgh, Pennsylvania 15213},
	title = {Model Recommendation for Action Recognition and Other Applications},
	school = {Carnegie Mellon University},
	author = {Matikainen, Pyry},
	month = dec,
	year = {2012},
}

@inproceedings{matikainen_multi-armed_2013,
	title = {Multi-armed recommendation bandits for selecting state machine policies for robotic systems},
	booktitle = {Robotics and Automation ({ICRA}), 2013 {IEEE} International Conference on},
	publisher = {{IEEE}},
	author = {Matikainen, Pyry and Furlong, P. Michael and Sukthankar, Rahul and Hebert, Martial},
	year = {2013},
	pages = {4545--4551},
}
