
@inproceedings{andersen_using_2014,
	title = {Using robot skills for flexible reprogramming of pick operations in industrial scenarios},
	url = {http://tapas.informatik.uni-freiburg.de/files/rasmus14visapp.pdf},
	urldate = {2015-08-01},
	booktitle = {International {Joint} {Conference} on {Computer} {Vision}, {Imaging} and {Computer} {Graphics} {Theory} and {Applications}},
	author = {Andersen, Rasmus S. and Nalpantidis, Lazaros and Krüger, Volker and Madsen, Ole and Moeslund, Thomas B.},
	year = {2014},
	pages = {678--685},
	file = {rasmus14visapp.pdf:/home/deebuls/.mozilla/firefox/csciq0z7.default/zotero/storage/ISQU9NDP/rasmus14visapp.pdf:application/pdf}
}

@article{kruger_meaning_2007,
	title = {The {Meaning} of {Action} {A} review on action recognition and mapping {Report} number: {CVMI} 2007: 1 {ISSN} 1902-2034},
	shorttitle = {The {Meaning} of {Action} {A} review on action recognition and mapping {Report} number},
	author = {Krüger, Volker and Kragic, Danica and Ude, Aleš and Geib, Christopher},
	year = {2007},
	file = {action08.pdf:/home/deebuls/.mozilla/firefox/csciq0z7.default/zotero/storage/VU2TWNRD/action08.pdf:application/pdf}
}

@article{pedersen_robot_2015,
	title = {Robot skills for manufacturing: {From} concept to industrial deployment},
	issn = {07365845},
	shorttitle = {Robot skills for manufacturing},
	url = {http://linkinghub.elsevier.com/retrieve/pii/S0736584515000575},
	doi = {10.1016/j.rcim.2015.04.002},
	language = {en},
	urldate = {2015-05-21},
	journal = {Robotics and Computer-Integrated Manufacturing},
	author = {Pedersen, Mikkel Rath and Nalpantidis, Lazaros and Andersen, Rasmus Skovgaard and Schou, Casper and Bøgh, Simon and Krüger, Volker and Madsen, Ole},
	month = apr,
	year = {2015},
	file = {1-s2.0-S0736584515000575-main.pdf:/home/deebuls/.mozilla/firefox/csciq0z7.default/zotero/storage/BFTGI2NR/1-s2.0-S0736584515000575-main.pdf:application/pdf}
}

@article{rovida_project_2014,
	title = {Project no.: 610917 {Project} full title: {Sustainable} and reliable robotics for part handling in manufacturing {Project} {Acronym}: {STAMINA} {Deliverable} no.: {D}3.},
	shorttitle = {Project no.},
	url = {http://stamina-robot.eu/upload/dokumenter/Deliverables/STAMINA_D3.1_v1.0.pdf},
	urldate = {2015-05-21},
	author = {Rovida, Francesco},
	year = {2014},
	file = {STAMINA_D3.1_v1.0.pdf:/home/deebuls/.mozilla/firefox/csciq0z7.default/zotero/storage/DNM84RH8/STAMINA_D3.1_v1.0.pdf:application/pdf}
}

@inproceedings{pedersen_integration_2013,
	title = {On the integration of hardware-abstracted robot skills for use in industrial scenarios},
	url = {http://www.tapasproject.eu/files/pedersen13wscrs.pdf},
	urldate = {2015-05-16},
	booktitle = {2nd {International} {Workshop} on {Cognitive} {Robotics} {Systems}: {Replicating} {Human} {Actions} and {Activities}},
	author = {Pedersen, Mikkel Rath and Nalpantidis, Lazaros and Bobick, Aaron and Krüger, Volker},
	year = {2013},
	pages = {1166--1171},
	file = {pedersen13wscrs.pdf:/home/deebuls/.mozilla/firefox/csciq0z7.default/zotero/storage/5PGMFWI7/pedersen13wscrs.pdf:application/pdf}
}

@article{kruger_learning_2010,
	title = {Learning {Actions} from {Observations}},
	volume = {17},
	issn = {1070-9932},
	url = {http://ieeexplore.ieee.org/lpdocs/epic03/wrapper.htm?arnumber=5481141},
	doi = {10.1109/MRA.2010.936961},
	number = {2},
	urldate = {2015-05-16},
	journal = {IEEE Robotics \& Automation Magazine},
	author = {Kruger, Volker and Herzog, Dennis and Baby, Sanmohan and Ude, Aleš and Kragic, Danica},
	month = jun,
	year = {2010},
	pages = {30--43},
	file = {05481141.pdf:/home/deebuls/.mozilla/firefox/csciq0z7.default/zotero/storage/ZQTDNBQP/05481141.pdf:application/pdf}
}

@article{bogh_identifying_2012,
	title = {Identifying and evaluating suitable tasks for autonomous industrial mobile manipulators ({AIMM})},
	volume = {61},
	issn = {0268-3768, 1433-3015},
	url = {http://link.springer.com/10.1007/s00170-011-3718-3},
	doi = {10.1007/s00170-011-3718-3},
	language = {en},
	number = {5-8},
	urldate = {2015-05-16},
	journal = {The International Journal of Advanced Manufacturing Technology},
	author = {Bøgh, Simon and Hvilshøj, Mads and Kristiansen, Morten and Madsen, Ole},
	month = jul,
	year = {2012},
	pages = {713--726},
	file = {art%3A10.1007%2Fs00170-011-3718-3.pdf:/home/deebuls/.mozilla/firefox/csciq0z7.default/zotero/storage/H8DSSAH8/art%3A10.1007%2Fs00170-011-3718-3.pdf:application/pdf}
}

@inproceedings{bogh_does_2012,
	title = {Does your robot have skills?},
	url = {http://forskningsbasen.deff.dk/Share.external?sp=S9f184d42-459a-4d30-871c-bab8082cfbba&sp=Saau},
	urldate = {2015-05-16},
	booktitle = {The 43rd {Intl}. {Symp}. on {Robotics} ({ISR}2012)},
	author = {Bøgh, Simon and Nielsen, Oluf Skov and Pedersen, Mikkel Rath and Krüger, Volker and Madsen, Ole},
	year = {2012},
	file = {ISR_2012_Paper_ID_1158_FINAL.pdf:/home/deebuls/.mozilla/firefox/csciq0z7.default/zotero/storage/H8PPDDG3/ISR_2012_Paper_ID_1158_FINAL.pdf:application/pdf}
}